@article{blandin2003development,
  title={{Development of New Sub-miniature Fission Chambers: Modelling and Experimental Tests}},
  author={Blandin, Ch and Breaud, S and Vermeeren, L and Weber, M},
  journal={Progress in Nuclear Energy},
  volume={43},
  number={1},
  pages={349--355},
  year={2003},
  publisher={Elsevier}
}

@article{mcgregor2005micro,
  title={{Micro-pocket Fission Detectors (MPFD) for In-Core Neutron Flux monitoring}},
  author={McGregor, Douglas S and Ohmes, Martin F and Ortiz, Rylan E and Ahmed, ASM Sabbir and Shultis, J Kenneth},
  journal={Nuclear Instruments and Methods in Physics Research Section A: Accelerators, Spectrometers, Detectors and Associated Equipment},
  volume={554},
  number={1},
  pages={494--499},
  year={2005},
  publisher={Elsevier}
}

@article{reichenberger2016micro,
  title={{Micro-Pocket Fission Detectors (MPFDs) for In-Core Neutron Detection}},
  author={Reichenberger, Michael A and Unruh, Troy C and Ugorowski, Philip B and Ito, Takashi and Roberts, Jeremy A and Stevenson, Sarah R and Nichols, Daniel M and McGregor, Douglas S},
  journal={Annals of Nuclear Energy},
  volume={87},
  pages={318--323},
  year={2016},
  publisher={Elsevier}
}

@article{shultis2005determining,
  title={{Determining Axial Fuel-Rod Power-Density Profiles from In-Vore Neutron Flux Measurements}},
  author={Shultis, J Kenneth},
  journal={Nuclear Instruments and Methods in Physics Research Section A: Accelerators, Spectrometers, Detectors and Associated Equipment},
  volume={547},
  number={2},
  pages={663--678},
  year={2005},
  publisher={Elsevier}
}

@misc{stammler1984methods,
  title={Methods of Steady-State Reactor Analysis in Nuclear Design}},
  author={Stammler, RJ and Abbate, MJ},
  year={1984},
  publisher={Academic Press, New York, New York}
}

@article{reginatto1999maxed,
  title={{MAXED, a Computer Code for Maximum Entropy Deconvolution of Multisphere Neutron Spectrometer Data.}},
  author={Reginatto, Marcel and Goldhagen, Paul},
  journal={Health Physics},
  volume={77},
  number={5},
  pages={579--583},
  year={1999},
  publisher={LWW}
}

@article{reginatto2002spectrum,
  title={{Spectrum Unfolding, Sensitivity Analysis and Propagation of Uncertainties with the Maximum Entropy Deconvolution Code MAXED}},
  author={Reginatto, Marcel and Goldhagen, Paul and Neumann, Sonja},
  journal={Nuclear Instruments and Methods in Physics Research Section A: Accelerators, Spectrometers, Detectors and Associated Equipment},
  volume={476},
  number={1},
  pages={242--246},
  year={2002},
  publisher={Elsevier}
}

@article{itoh1989neutron,
  title={{Neutron Spectra Unfolding with Maximum Entropy and Maximum Likelihood}},
  author={Itoh, Shikoh and Tsunoda, Toshiharu},
  journal={Journal of Nuclear Science and Technology},
  volume={26},
  number={9},
  pages={833--843},
  year={1989},
  publisher={Taylor \& Francis}
}

@Misc{scipy,
  author =    {Jones, E. and Oliphant, T. and Peterson, P. and others},
  title =     {{SciPy}: Open Source Scientific Tools for {Python}},
  year =      {2001--2016},
  url = "http://www.scipy.org/",
  note = {[Online; accessed 2016-11-02]}
}

@book{mueller2012lni,
  title={{Linear and Nonlinear Inverse Problems with Practical Applications}},
  author={Mueller, Jennifer L and Siltanen, Samuli},
  year={2012},
  publisher={SIAM}
}

@misc{nndc,
  title = {{National Nuclear Data Center}},
  howpublished = {\url{https://www.nndc.bnl.gov/}},
  note = {Accessed: 2017-07-03}
}


@inproceedings{kaiba2017cso,
  author      = {Kaiba, T. and Radulovic, V. and Fourmentel, D. and Barbot, L. and
                Destouches, Christophe and Zerovnik, G. and Snoj, L.},
  title       = {{Calculations to Support to On‐line Neutron Spectrum 
                 Adjustment by Measurements with Miniature Fission Chambers in the JSI TRIGA Reactor}},
  booktitle   = {Proc. of ANIMMA 2017}                 
}

@misc{mcelroy1967computer,
  title={A computer-automated iterative method for neutron flux spectra determination by foil activation},
  author={McElroy, WN and Berg, S and Crockett, T and Hawkins, RG},
  journal={AFWL-TR-67-41},
  volume={1},
  year={1967},
  publisher={Air Force Weapons Laboratory}
}

@inproceedings{reginatto2004umg,
  title={UMG 3.3-Unfoldig with Maxed and Gravel},
  author={Reginatto, M and Wiegel, B and Zimbal, A and Langner, F},
  year={2004},
  organization={NEA}
}

@inproceedings{reichenberger2018fabrication,
  title={Fabrication and Testing of a Modular Micro-Pocket Fission Detector Instrumentation System for Test Nuclear Reactors},
  author={Reichenberger, Michael A and Nichols, Daniel M and Stevenson, Sarah R and Swope, Tanner M and Hilger, Caden W and Roberts, Jeremy A and Unruh, Troy C and McGregor, Douglas S},
  booktitle={EPJ Web of Conferences},
  volume={170},
  pages={04018},
  year={2018},
  organization={EDP Sciences}
}

@inproceedings{roberts2018use,
  title={On Use of Multi-Chambered Fission Detectors for In-Core, Neutron Spectroscopy},
  author={Roberts, Jeremy A},
  booktitle={EPJ Web of Conferences},
  volume={170},
  pages={04020},
  year={2018},
  organization={EDP Sciences}
}

